<record><leader>00000cas a22000007a 4500</leader><controlfield tag="001">11202622</controlfield><controlfield tag="008">840927d18751882iauwr ne      0    0eng d</controlfield><controlfield tag="009">3768</controlfield><datafield ind1=" " ind2=" " tag="010"><subfield code="a">sn 84038200 </subfield></datafield><datafield ind1=" " ind2=" " tag="040"><subfield code="a">NPX</subfield><subfield code="b">eng</subfield><subfield code="c">NPX</subfield><subfield code="d">INP</subfield></datafield><datafield ind1="1" ind2=" " tag="029"><subfield code="a">AU@</subfield><subfield code="b">000025819386</subfield></datafield><datafield ind1=" " ind2=" " tag="042"><subfield code="a">msc</subfield></datafield><datafield ind1="0" ind2=" " tag="130"><subfield code="a">Indianola tribune (Indianola, Iowa : 1875)</subfield></datafield><datafield ind1="0" ind2="4" tag="245"><subfield code="a">The Indianola tribune.</subfield></datafield><datafield ind1=" " ind2=" " tag="260"><subfield code="a">Indianola, Iowa :</subfield><subfield code="b">Geo. F. Parker,</subfield><subfield code="c">1875-</subfield></datafield><datafield ind1=" " ind2=" " tag="300"><subfield code="a">v.</subfield></datafield><datafield ind1=" " ind2=" " tag="310"><subfield code="a">Weekly</subfield></datafield><datafield ind1="0" ind2=" " tag="362"><subfield code="a">Vol. 2, no. 20 (Feb. 11, 1875)-</subfield></datafield><datafield ind1="1" ind2=" " tag="362"><subfield code="a">Ceased in 1882.</subfield><subfield code="z">Cf. Bibl. of Iowa newspapers.</subfield></datafield><datafield ind1=" " ind2=" " tag="500"><subfield code="a">Publisher varies.</subfield></datafield><datafield ind1=" " ind2=" " tag="500"><subfield code="a">"Democratic," &lt;1876&gt;.</subfield></datafield><datafield ind1=" " ind2=" " tag="500"><subfield code="a">Editor: G.F. Parker, &lt;1876&gt;.</subfield></datafield><datafield ind1=" " ind2=" " tag="752"><subfield code="a">United States</subfield><subfield code="b">Iowa</subfield><subfield code="c">Warren</subfield><subfield code="d">Indianola.</subfield></datafield><datafield ind1="0" ind2="0" tag="780"><subfield code="t">Warren County tribune</subfield><subfield code="w">(DLC)sn 87057561</subfield></datafield><datafield ind1="0" ind2="7" tag="785"><subfield code="t">People's advocate (Indianola, Iowa)</subfield><subfield code="w">(DLC)sn 87057661</subfield></datafield><datafield ind1="0" ind2="7" tag="785"><subfield code="t">Advocate-tribune (Indianola, Iowa)</subfield><subfield code="w">(DLC)sn 87057505</subfield></datafield></record>